%Add your bibtex citation here
%~~~~~~~~~~~~~~~~~~~~~~~~~~~~~~~~~~~~~~~~~~~~~~~~~~~~~~~~~~~~~~

%The original paper on the decomposition
@article{SUZUKI1993432,
title = "Quantum Monte Carlo methods â€” recent developments",
journal = "Physica A: Statistical Mechanics and its Applications",
volume = "194",
number = "1",
pages = "432 - 449",
year = "1993",
issn = "0378-4371",
doi = "https://doi.org/10.1016/0378-4371(93)90375-E",
url = "http://www.sciencedirect.com/science/article/pii/037843719390375E",
author = "Masuo Suzuki"
}


%Child's work on bounding the gate count & error for TS decomposition
@article {Childs9456,
	author = {Childs, Andrew M. and Maslov, Dmitri and Nam, Yunseong and Ross, Neil J. and Su, Yuan},
	title = {Toward the first quantum simulation with quantum speedup},
	volume = {115},
	number = {38},
	pages = {9456--9461},
	year = {2018},
	doi = {10.1073/pnas.1801723115},
	publisher = {National Academy of Sciences},
	issn = {0027-8424},
	URL = {https://www.pnas.org/content/115/38/9456},
	eprint = {https://www.pnas.org/content/115/38/9456.full.pdf},
	journal = {Proceedings of the National Academy of Sciences}
}

%Campbell's paper this project is based on
@article{PhysRevLett.123.070503,
  title = {Random Compiler for Fast Hamiltonian Simulation},
  author = {Campbell, Earl},
  journal = {Phys. Rev. Lett.},
  volume = {123},
  issue = {7},
  pages = {070503},
  numpages = {5},
  year = {2019},
  month = {Aug},
  publisher = {American Physical Society},
  doi = {10.1103/PhysRevLett.123.070503},
  url = {https://link.aps.org/doi/10.1103/PhysRevLett.123.070503}
}


%Microsoft's documentation: Simulating Hamiltonian Dynamics
@misc{nathanwiebe2, title={Simulating Hamiltonian Dynamics - Microsoft Quantum}, url={https://docs.microsoft.com/en-us/quantum/libraries/chemistry/concepts/algorithms}, journal={Microsoft Quantum | Microsoft Docs}, author={nathanwiebe2}}


%The paper where the Terms and coefficients in the code came from
@article{PhysRevX.6.031007,
  title = {Scalable Quantum Simulation of Molecular Energies},
  author = {O'Malley, P. J. J. and Babbush, R. and Kivlichan, I. D. and Romero, J. and McClean, J. R. and Barends, R. and Kelly, J. and Roushan, P. and Tranter, A. and Ding, N. and Campbell, B. and Chen, Y. and Chen, Z. and Chiaro, B. and Dunsworth, A. and Fowler, A. G. and Jeffrey, E. and Lucero, E. and Megrant, A. and Mutus, J. Y. and Neeley, M. and Neill, C. and Quintana, C. and Sank, D. and Vainsencher, A. and Wenner, J. and White, T. C. and Coveney, P. V. and Love, P. J. and Neven, H. and Aspuru-Guzik, A. and Martinis, J. M.},
  journal = {Phys. Rev. X},
  volume = {6},
  issue = {3},
  pages = {031007},
  numpages = {13},
  year = {2016},
  month = {Jul},
  publisher = {American Physical Society},
  doi = {10.1103/PhysRevX.6.031007},
  url = {https://link.aps.org/doi/10.1103/PhysRevX.6.031007}
}






@article{PhysRevB.55.14948,
  title = {Suzuki-Trotter decomposition and renormalization of a transverse-field Ising model in two dimensions},
  author = {Dudzin-acuteski, M. and Sznajd, J.},
  journal = {Phys. Rev. B},
  volume = {55},
  issue = {22},
  pages = {14948--14952},
  numpages = {0},
  year = {1997},
  month = {Jun},
  publisher = {American Physical Society},
  doi = {10.1103/PhysRevB.55.14948},
  url = {https://link.aps.org/doi/10.1103/PhysRevB.55.14948}
}

